2634 4852
603 301 746 379 ESP

141 452 329 512 ESPAGNE
346 458 431 532 (1511(
445 446 491 527 5’)
515 452 728 513 Consideration
750 453 931 530 representes
951 477 987 516 en
1008 477 1049 517 un
1071 458 1190 520 Sermon

175 532 202 588 le
218 533 257 588 28
272 533 353 590 Mars
371 532 447 591 1652
469 552 518 590 sur
541 532 567 590 le
589 534 664 606 sujet
683 531 722 591 de
742 532 880 610 l'Eclipse
903 536 955 613 qui
977 535 1075 596 adsint
1092 538 1119 596 le
1131 539 1191 597 len·

176 609 300 668 demain.
325 610 373 668 120
392 611 481 668 Lond.
495 611 581 670 1652.

133 719 293 734 -—-
316 688 379 745 The
401 692 497 765 eating
516 689 549 746 of
564 690 614 748 the
635 687 718 766 Body
736 686 771 746 of
786 689 884 749 Christ
903 692 1070 751 considered
1097 697 1127 753 in
1152 688 1187 756 its

37 771 39 776 ⁸
177 767 345 843 principles.
369 769 417 828 120
438 767 527 824 Lond.
540 767 625 826 1652.

132 877 291 894 ---
305 845 481 913 Shibboleth,
500 866 537 903 ou
563 845 759 906 Reformation
782 845 818 905 de
841 845 975 925 qvelqves
1000 849 1135 924 Passages
1157 850 1188 911 55

173 923 309 981 Versions
325 926 477 997 Fransoise
489 925 516 981 &
530 925 667 1001 Angloise
679 925 716 983 de
729 924 757 983 la
771 924 861 983 Bibie.
885 925 934 984 120
953 927 1043 984 Lond.
1060 928 1145 997 1653.

131 1002 762 1079 ι·-----“-----’----------1511111511)1
784 1003 880 1062 transl.
904 1006 942 1081 by
957 1005 1031 1064 Rob.
1045 1007 1186 1086 Codring-

173 1090 232 1139 ton.
255 1080 305 1137 120
324 1081 415 1140 Lond.
433 1081 517 1140 1655.

132 1191 290 1208 --
305 1161 435 1218 Examen
453 1161 489 1219 de
508 1180 581 1219 xvir.
597 1161 753 1226 Maximee,
773 1159 920 1219 ensemble
944 1180 983 1218 un
1006 1160 1185 1225 Advertisse·

173 1248 253 1296 ment
267 1240 459 1315 preparatoire
473 1237 529 1297 515
542 1239 696 1298 refutatiou
709 1238 746 1295 de
763 1240 883 1298 certains
901 1240 1121 1301 calomniateurs
1134 1263 1184 1302 en-

88 1351 90 1355 f
171 1315 777 1377 551515651Ἠ5155515.8015551657.
1135 1353 1140 1364 .

302 1395 434 1470 Reponse
448 1416 504 1454 aux
518 1397 673 1455 Questions
687 1395 723 1452 de
738 1395 792 1452 Mt
808 1394 981 1474 D'Fspugne
1001 1397 1151 1458 addresste
1165 1400 1184 1460 11

170 1473 288 1550 l'Eglise
304 1475 453 1544 Franooise
466 1474 502 1531 de
516 1474 653 1532 Londres.
674 1474 705 1530 4⁰
725 1473 815 1530 Lond.
832 1473 917 1535 1657.

130 1585 288 1598 --—-
302 1552 392 1628 Essay
403 1552 453 1609 des
466 1552 629 1610 Merveiiles
637 1552 674 1609 de
683 1553 754 1614 Diev
764 1570 799 1609 en
810 1551 991 1611 l'Hurmonie
1004 1553 1054 1611 des
1064 1555 1184 1632 Tempe,

172 1629 221 1686 des
236 1632 433 1698 Generations,
446 1629 499 1688 &c'.
522 1631 667 1688 Premiere
682 1630 786 1688 Partie.
808 1631 839 1686 8⁰
861 1630 950 1689 Lond.
967 1631 1052 1690 1657.

130 1708 345 1767 ESPAGNET
360 1711 463 1784 (sunus
479 1708 532 1779 55)
548 1708 741 1784 cosmopolite
753 1727 790 1765 ou
803 1708 932 1769 nouvelle
941 1710 1078 1780 Lvmiere
1099 1711 1135 1770 de
1155 1712 1183 1771 15

171 1787 307 1864 Phisique
322 1787 479 1845 Naturelie.
501 1790 532 1844 8⁰
553 1789 622 1845 Par.
638 1787 724 1846 1628.

60 1892 62 1897 ·
130 1899 286 1917 ---—-
302 1865 489 1925 Euchiridiou
504 1865 635 1942 Physicae
650 1867 801 1927 restitutae.
824 1865 872 1924 160
892 1867 960 1925 Par.
976 1866 1063 1929 1642.

288 1977 445 1991 ...-
618 1945 719 2020 [item]
751 1943 902 2002 Tractatus
929 1944 1000 2004 alter
1030 1949 1183 2026 inscriptus

169 2026 314 2083 Arcanum
328 2025 506 2086 Hermeticae
521 2023 712 2098 Philosophiae
725 2023 814 2097 Opvs.
835 2026 867 2080 8⁰
891 2023 990 2081 Gener.
1005 2025 1092 2085 1653.

130 2134 288 2149 -——-
303 2105 361 2161 Das
373 2101 511 2163 Beheinre
521 2101 631 2161 Werck
640 2101 692 2160 der
706 2100 925 2160 Hermetischen
936 2103 1129 2181 Philosophie.
1150 2107 1182 2163 8⁰

130 2203 134 2207 ’
170 2183 222 2240 Lei
241 2205 262 2242 s.
277 2182 361 2242 1685.

130 2203 347 2320 ESPKGNOL
363 2261 464 2337 ((555)
480 2260 608 2317 Histoire
629 2256 665 2317 de
686 2257 714 2314 15
731 2256 789 2315 Vie
807 2267 836 2315 et
855 2258 991 2319 Miraeles
1011 2260 1048 2319 de
1068 2261 1182 2320 Saincte

169 2339 334 2414 Vavbourg,
356 2339 463 2416 Vierge
475 2337 613 2394 Abbesse.
634 2337 666 2393 8⁰
686 2335 789 2403 Reims,
805 2334 890 2395 1612.

128 2416 344 2476 ESPARRON
360 2422 504 2492 (5555555
519 2415 675 2477 o'uucusm
689 2415 782 2490 Seign.
797 2413 841 2487 (Γ)
856 2434 882 2473 5.
898 2433 1032 2473 uncusru.

127 2496 270 2569 ESPE'E.
312 2497 353 2553 La
367 2495 449 2553 nobie
463 2495 582 2554 Science
596 2493 646 2550 des
658 2492 677 2550 5
680 2511 779 2550 oneres
793 2492 906 2570 despee.
926 2495 957 2551 4⁰
976 2493 1048 2553 Ano.
1066 2493 1152 2556 1538.

128 2573 270 2632 ESPEIO
291 2574 327 2632 de
342 2573 538 2632 Consolacion.
559 2574 661 2631 21551.
682 2573 714 2629 8⁰
735 2574 808 2631 Ano.
1188 2630 1190 2634 ,

128 2652 276 2712 ESPEJO
291 2659 374 2730 (rur.
386 2655 439 2726 nu)
456 2652 491 2711 El
506 2652 590 2723 Viaje
603 2650 648 2708 del
659 2668 752 2708 nuevo
767 2650 894 2712 Mexico.
905 2651 947 2708 80
967 2649 1070 2716 Modr.
1082 2652 1167 2713 1586.

128 2730 370 2792 ESPENCAEUS
395 2732 531 2809 (curun.)
554 2729 796 2788 Collectaneorrm
823 2728 860 2787 de
887 2729 1072 2789 Continentia
1101 2732 1182 2791 Libri
1271 2724 1276 2738 ⁸

169 2830 229 2869 sex.
249 2812 280 2866 4⁰
300 2813 368 2868 Pur.
385 2810 470 2867 1565.
671 2833 683 2852 .

128 2921 287 2935 --—-
301 2889 346 2947 De
360 2889 512 2965 Languere
526 2885 670 2963 Spiritvali
686 2885 927 2943 Commentarius.
957 2886 989 2941 8⁰
1013 2887 1079 2943 Par.
1094 2885 1182 2946 1570.

130 2998 289 3014 -·-—-··
302 2969 347 3027 De
363 2967 511 3028 Coeiorum
527 2965 713 3023 Animatione
727 2985 763 3024 ex
778 2964 933 3041 Theologis
952 2972 981 3020 et
1003 2963 1182 3042 Philosophus

169 3046 361 3114 Coliectanen‚
378 3065 446 3109 curu
461 3045 643 3108 Resolutione
658 3043 816 3103 Catholica.
837 3044 868 3102 8⁰
888 3043 956 3101 Par.
970 3041 1055 3102 1571.

128 3125 252 3184 ESPER
279 3123 772 3201 (555551551555555551515511)
802 3122 856 3179 Die
884 3121 1125 3200 Schmetteriinge
1151 3124 1181 3182 15
1221 3147 1223 3152 ·

50 3243 53 3250 -
167 3204 371 3338 Α11111155ἱ11ςεη
386 3204 460 3262 nach
474 3202 526 3261 der
541 3203 636 3282 Natur
650 3204 703 3261 mit
719 3199 977 3278 Beschreibungen.
1005 3203 1109 3267 21515.
1150 3202 1182 3261 4⁰

167 3283 255 3339 Erlun
277 3325 283 3339 .
314 3285 381 3341 777.
594 3304 599 3327 ·
851 3304 855 3312 ’

126 3303 344 3427 Β8ΡΕ1111οΝ
360 3365 435 3436 (nuc
449 3358 494 3431 o')
509 3379 535 3416 v.
550 3376 673 3415 515555.
966 3407 969 3410 ,

127 3471 287 3486 --—
302 3441 356 3497 Les
369 3440 474 3495 Armes
487 3435 695 3510 triomphantes
710 3451 781 3509 porr
802 3433 827 3490 ie
849 3434 940 3506 suject
957 3431 1059 3490 deson
1074 3429 1182 3492 Eutree
1284 3497 1287 3502 ,

166 3518 237 3579 dans
250 3519 277 3578 15
290 3517 367 3576 Ville
378 3517 416 3574 de
429 3516 516 3590 Dijon
531 3513 556 3572 le
570 3515 621 3571 8000
635 3513 709 3588 May
726 3510 811 3570 1656.
832 3510 880 3569 151.
899 3511 1002 3585 Drion,
1016 3507 1102 3573 1656.

127 3597 270 3655 ESPICH
285 3597 438 3673 (vruuur.)
454 3595 499 3652 De
512 3593 619 3651 Errore
631 3601 761 3657 externo,
774 3590 883 3648 Oratio.
904 3591 936 3647 8⁰
960 3587 1054 3648 Witeb.
1071 3586 1156 3649 1591.
1221 3607 1226 3612 ·

127 3675 270 3735 ESPICH
287 3667 518 3751 (wourr'ouuous
534 3671 658 3742 srursu.)
673 3669 719 3727 De
732 3667 823 3738 Terra
836 3678 866 3727 et
879 3670 940 3743 eius
952 3665 1128 3730 differentiis.
1149 3668 1181 3728 4⁰

135 3781 150 3802 ι
174 3755 247 3812 Witt.
260 3754 345 3813 1617.

128 3831 338 3892 ESPICHIUS
353 3832 452 3908 (555.)
466 3827 632 3909 Disputatio
647 3827 837 3907 Cheirurgica
849 3825 885 3886 de
900 3825 1061 3888 Ulceribus.
1082 3828 1113 3884 4⁰
1126 3827 1182 3886 Ar·

167 3925 239 3985 gent.
256 3911 340 3969 1647.

128 3989 336 4048 ESPICHIUS
352 3995 426 4064 (mc.
441 3987 582 4058 vritur.)
606 3986 651 4046 De
675 3987 805 4045 Essentia
828 3995 856 4043 et
879 3984 1037 4047 Existentiu
1060 3982 1181 4043 Eritium

169 4067 300 4134 realium,
315 4067 441 4127 Rationis
454 4079 483 4126 et
496 4071 526 4132 in
540 4067 671 4141 potentia
681 4067 849 4129 ‘Dictorum
870 4065 901 4120 4⁰
921 4065 989 4137 Arg.
1005 4061 1092 4120 1638.

130 4145 345 4204 ESPlNASSE
360 4148 472 4220 (muno)
489 4145 612 4221 Reports
626 4143 660 4202 of
677 4146 762 4202 Cases
777 4140 886 4222 argued
900 4139 957 4198 and
972 4137 1052 4197 ruled
1070 4148 1099 4194 at
1120 4137 1183 4194 Nisi

169 4225 262 4296 Prius,
277 4226 304 4282 in
328 4225 376 4281 the
399 4224 504 4283 Gourts
524 4222 557 4281 of
573 4223 665 4301 Kings
679 4222 782 4287 Beuch
794 4220 852 4280 aud
865 4219 1011 4282 Common
1035 4214 1124 4274 Pleas.
1164 4217 1183 4271 3

168 4303 257 4367 Paro.
278 4305 311 4364 8⁰
330 4303 421 4362 Lond.
439 4301 619 4366 1794-1796.

971 4346 1185 4433 5555111555
